@article{Nguyen17,
        title={\href{https://opg.optica.org/ao/abstract.cfm?uri=ao-56-32-9030}{3D shape, deformation, and vibration measurements using infrared Kinect sensors and digital image correlation}},
        author="Nguyen, Hieu and Wang, Zhaoyang and Jones, Patrick and Zhao, Bing",
        year="2017",
        journal="Applied Optics",
        volume="56",
        number="32"
}